@book{LaTeX,
  title =	 {Learning {LaTeX}},
  year =	 1997,
  author =	 {Grifffiths, David F. and Higham, Desmond J.},
  series =	 {Other Titles in Applied Mathematics},
  publisher =	 {Society for Industrial and Applied Mathematics},
  doi =		 {10.1137/1.9780898719567}
}

@unpublished{SGA1,
  title =	 {Rev\^etements \'etales et groupe fondamental ({SGA} 1)},
  author =	 {Grothendieck, Alexander and Raynaud, Michele},
  year =	 2002,
  addendum =	 {New updated edition of the book ``Revetements Etales et Groupe
                  Fondamental'', Lecture Notes in Mathematics, 224,
                  Springer-Verlag, 1971, by Alexander Grothendieck et al.},
  eprint =	 0206203,
  archivePrefix ={arXiv},
  primaryClass = {math.AG}
}
